@Article{jml:86,
  author = "J. R. Quinlan",
  title = "Induction of Decision Trees",
  journal = "Machine Learning",
  year = 1986,
  volume = 1,
  pages = "81--106"
}

@InProceedings{icml:96,
  author = "Y. Freund and R. E. Schapire",
  title = "Experiments with a New Boosting Algorithm",
  booktitle = "Proc. of the 13th International Conference on Machine Learning",
  year = 1996,
  pages = "148--156"
}

@Book{michell:97,
  author = "T. M. Michell",
  title = "Machine Learning",
  publisher = "The McGraw-Hill Companies",
  year = 1997
}

@Article{jjsai:92,
  author = "山西 建司 and 韓 太舜",
  title = "{MDL}入門:情報理論の立場から",
  yomi = "Yamanishi and Han",
  journal = "人工知能学会誌",
  year = 1992,
  volume = 7,
  number = 3,
  pages = "427--434",
}

@MISC{prime-number-theorem,
   author = "Charles Louis Xavier Joseph de la Vall{\'e}e Poussin",
   note = "A strong form of the prime number theorem, 19th century" }

@INBOOK{chicago,
   title = "The Chicago Manual of Style",
   publisher = "University of Chicago Press",
   edition = "Thirteenth",
   year = 1982,
   pages = "400--401",
   key = "Chicago" }

@BOOK{texbook,
   author = "Donald E. Knuth",
   title= "The {{\TeX}book}",
   publisher = "Addison-Wesley",
   year = 1984
}

@BOOK{texブック,
   author = "Donald E. Knuth",
   title= "The {{\TeX}ブック}",
   publisher = "アスキー出版局",
   year = 1989
} 

@BOOK{latexブック,
   author = "Leslie Lamport",
   title = "{\LaTeX \rm:} {A} Document Preparation System",
   publisher = "Addison-Wesley",
   note = "(邦訳~: 文書処理システム (\LaTeX), Edgar Cooke, 倉沢 良一 監訳,
   大野 俊治, 小暮 博道, 藤浦 はる美 訳, アスキー出版局, (1990))",
   year = 1986
}

@BOOK{latex,
   author = "Leslie Lamport",
   title = "{\LaTeX \rm:} {A} Document Preparation System",
   publisher = "Addison-Wesley",
   year = 1986
 }

@UNPUBLISHED{btxdoc,
   author = "Oren Patashnik",
   title = "{BibTeX}ing",
   note = "Documentation for general {\BibTeX} users",
   month = "8~" # feb,
   year = 1988 }

@UNPUBLISHED{btxhak,
   author = "Oren Patashnik",
   title = "Designing {BibTeX} Styles",
   note = "The part of {BibTeX}'s documentation
           that's not meant for general users",
   month = "8~" # feb,
   year = 1988, 
   label = "BibTeX" }

@UNPUBLISHED{松井,
     author = "松井 正一",
     title = "jbtxbst.doc",
     yomi ="Shouichi Matsui",
     note ="btxbst.doc を翻訳するとともに, 日本語用に修正, 
追加を加えたもの",
     year = 1994
}

@article{Orihara:99,
  author = "Ryohei Orihara",
  title  = "Explanation-Based Feature Subset Selection for 
            Decision Tree Induction",
  journal= "人工知能学会誌",
  volume  = 14,
  number  = 2,
  pages   = "296--306",
  year    = 1999
}

@BOOK{中野,
   author = "中野 賢",
   title = "日本語\LaTeXe{}ブック",
   publisher = "アスキー出版局",
   year = 1996
}

@BOOK{latex-companion,
   author = "Michel Goosens and Frank Mittelbach and Alexander Samarin",
   title = "The {\LaTeX} Companion",
   publisher = "Addison-Wesley",
   note = "(邦訳~: The {\LaTeX} コンパニオン, アスキー書籍編集部 監訳, 
   アスキー出版局, (1998))",
   year = 1994
}

@BOOK{latex-graphics-companion,
   author = "Michel Goosens and Sebastion Rahtz and Frank Mittelbach",
   title = "The {\LaTeX} Graphics Companion",
   publisher = "Addison-Wesley",
   year = 1997
}



